@article{mcfadden1973conditional,
  title={Conditional logit analysis of qualitative choice behavior},
  author={McFadden, Daniel and others},
  year={1973},
  publisher={Institute of Urban and Regional Development, University of California~…}
}

@article{berry1995automobile,
  title={Automobile Prices in Market Equilibrium},
  author={Berry, Steven and Levinsohn, James and Pakes, Ariel},
  journal={Econometrica},
  volume={63},
  number={4},
  pages={841--890},
  year={1995}
}

@article{nevo2001measuring,
  title={Measuring market power in the ready-to-eat cereal industry},
  author={Nevo, Aviv},
  journal={Econometrica},
  volume={69},
  number={2},
  pages={307--342},
  year={2001},
  publisher={Wiley Online Library}
}

@article{duflo2007dams,
  title={Dams},
  author={Duflo, Esther and Pande, Rohini},
  journal={The Quarterly Journal of Economics},
  volume={122},
  number={2},
  pages={601--646},
  year={2007},
  publisher={MIT Press}
}

@article{allcott2016electricity,
  title={How do electricity shortages affect industry? Evidence from India},
  author={Allcott, Hunt and Collard-Wexler, Allan and O'Connell, Stephen D},
  journal={American Economic Review},
  volume={106},
  number={3},
  pages={587--624},
  year={2016},
  publisher={American Economic Association 2014 Broadway, Suite 305, Nashville, TN 37203}
}

@article{dinkelman2011effects,
  title={The effects of rural electrification on employment: New evidence from South Africa},
  author={Dinkelman, Taryn},
  journal={American Economic Review},
  volume={101},
  number={7},
  pages={3078--3108},
  year={2011},
  publisher={American Economic Association}
}

@article{donaldson2016railroads,
  title={Railroads and American economic growth: A “market access” approach},
  author={Donaldson, Dave and Hornbeck, Richard},
  journal={The Quarterly Journal of Economics},
  volume={131},
  number={2},
  pages={799--858},
  year={2016},
  publisher={MIT Press}
}


@article{donaldson2018railroads,
  title={Railroads of the Raj: Estimating the impact of transportation infrastructure},
  author={Donaldson, Dave},
  journal={American Economic Review},
  volume={108},
  number={4-5},
  pages={899--934},
  year={2018},
  publisher={American Economic Association 2014 Broadway, Suite 305, Nashville, TN 37203}
}

@article{roller2001telecommunications,
  title={Telecommunications infrastructure and economic development: A simultaneous approach},
  author={R{\"o}ller, Lars-Hendrik and Waverman, Leonard},
  journal={American economic review},
  volume={91},
  number={4},
  pages={909--923},
  year={2001},
  publisher={American Economic Association}
}


@article{baron1982regulating,
  title={Regulating a monopolist with unknown costs},
  author={Baron, David P and Myerson, Roger B},
  journal={Econometrica: Journal of the Econometric Society},
  pages={911--930},
  year={1982},
  publisher={JSTOR}
}

@book{laffont1993theory,
  title={A theory of incentives in procurement and regulation},
  author={Laffont, Jean-Jacques and Tirole, Jean},
  year={1993},
  publisher={MIT press}
}

@article{amador2022regulating,
  title={Regulating a monopolist with uncertain costs without transfers},
  author={Amador, Manuel and Bagwell, Kyle},
  journal={Theoretical Economics},
  volume={17},
  number={4},
  pages={1719--1760},
  year={2022},
  publisher={Wiley Online Library}
}

@book{laffont1993theory,
  title={A theory of incentives in procurement and regulation},
  author={Laffont, Jean-Jacques and Tirole, Jean},
  year={1993},
  publisher={MIT press}
}

@article{abito2020measuring,
  title={Measuring the welfare gains from optimal incentive regulation},
  author={Abito, Jose Miguel},
  journal={The Review of Economic Studies},
  volume={87},
  number={5},
  pages={2019--2048},
  year={2020},
  publisher={Oxford University Press}
}

@book{guasch2004granting,
  title={Granting and renegotiating infrastructure concessions: Doing it right},
  author={Guasch, J Luis},
  year={2004},
  publisher={World Bank Publications}
}

@article{beck2021contratos,
  title={Contratos de concess{\~o}es de rodovias federais: an{\'a}lise dos pedidos de revis{\~o}es extraordin{\'a}rias com vistas ao reequil{\'\i}brio econ{\^o}mico-financeiro},
  author={Beck, Lisandro Cogo},
  year={2021}
}

@article{chetty2006general,
  title={A general formula for the optimal level of social insurance},
  author={Chetty, Raj},
  journal={Journal of Public Economics},
  volume={90},
  number={10-11},
  pages={1879--1901},
  year={2006},
  publisher={Elsevier}
}

@article{saez2001using,
  title={Using elasticities to derive optimal income tax rates},
  author={Saez, Emmanuel},
  journal={The review of economic studies},
  volume={68},
  number={1},
  pages={205--229},
  year={2001},
  publisher={Wiley-Blackwell}
}

@article{guasch2008renegotiation,
  title={Renegotiation of concession contracts in Latin America: Evidence from the water and transport sectors},
  author={Guasch, J Luis and Laffont, Jean-Jacques and Straub, Stephane},
  journal={International Journal of Industrial Organization},
  volume={26},
  number={2},
  pages={421--442},
  year={2008},
  publisher={Elsevier}
}

@article{seim2006empirical,
  title={An empirical model of firm entry with endogenous product-type choices},
  author={Seim, Katja},
  journal={The RAND Journal of Economics},
  volume={37},
  number={3},
  pages={619--640},
  year={2006},
  publisher={Wiley Online Library}
}

@article{bresnahan1991entry,
  title={Entry and competition in concentrated markets},
  author={Bresnahan, Timothy F and Reiss, Peter C},
  journal={Journal of political economy},
  volume={99},
  number={5},
  pages={977--1009},
  year={1991},
  publisher={The University of Chicago Press}
}

@phdthesis{caballero2013efeitos,
  title={Efeitos da hiperinfla{\c{c}}{\~a}o sobre a expans{\~a}o do setor banc{\'a}rio brasileiro},
  author={Caballero, Bárbara},
  year={2013},
  school={PUC-Rio}
}

@article{heckman78,
 ISSN = {00129682, 14680262},
 author = {James J. Heckman},
 journal = {Econometrica},
 number = {4},
 pages = {931--959},
 publisher = {[Wiley, Econometric Society]},
 title = {Dummy Endogenous Variables in a Simultaneous Equation System},
 urldate = {2023-10-17},
 volume = {46},
 year = {1978}
}

@article{bresnahan1994measuring,
  title={Measuring the importance of sunk costs},
  author={Bresnahan, Timothy F and Reiss, Peter C},
  journal={Annales d'Economie et de Statistique},
  pages={181--217},
  year={1994},
  publisher={JSTOR}
}
